<?xml version="1.0" encoding="UTF-8"?><collection xmlns="http://www.loc.gov/MARC21/slim"><record><leader>00405nam--2200133-i-4500</leader><controlfield tag="001">000026171</controlfield><controlfield tag="002">20161230</controlfield><controlfield tag="005">20161230201036</controlfield><controlfield tag="008">060222s1000------------r-----000-0-eng-d</controlfield><datafield ind1=" " ind2=" " tag="080"><subfield code="a">621.039.584(047.1)</subfield></datafield><datafield ind1=" " ind2=" " tag="100"><subfield code="a">Kapoor, Jagdish C., Subramanian, K.G.And Kkhan, A.A</subfield></datafield><datafield ind1=" " ind2=" " tag="245"><subfield code="a">Aerosol filtration characteristics of sand</subfield></datafield><datafield ind1=" " ind2=" " tag="260"><subfield code="a">Bombay, Bhabha Atomic Research Centre, 1974, 11p.+8 Fig</subfield></datafield><datafield ind1=" " ind2=" " tag="852"><subfield code="a">27199</subfield></datafield></record></collection>